% Encoding: UTF-8

@Misc{schale2019mlb,
  author       = {Paul Schale},
  title        = {MLB Pitch Data 2015-2018},
  howpublished = {Kaggle Dataset (\url{https://www.kaggle.com/pschale/mlb-pitch-data-20152018})},
  year         = {2019},
  url          = {https://www.kaggle.com/pschale/mlb-pitch-data-20152018},
}

@Comment{jabref-meta: databaseType:bibtex;}


@article{mlbrules,
   Title = {The official rules of Major League Baseball}, 
   place = {Chicago, ILâ€¯:}, publisher={Triumph Books}, 
   year  = {2016} }
