% Encoding: UTF-8

@Misc{schale2019mlb,
  author       = {Paul Schale},
  title        = {MLB Pitch Data 2015-2018},
  howpublished = {Kaggle Dataset (\url{https://www.kaggle.com/pschale/mlb-pitch-data-20152018})},
  year         = {2019},
  url          = {https://www.kaggle.com/pschale/mlb-pitch-data-20152018},
}

@Comment{jabref-meta: databaseType:bibtex;}


@article{mlbrules,
   Title = {The official rules of Major League Baseball}, 
   place = {Chicago, ILâ€¯:}, publisher={Triumph Books}, 
   year  = {2016} }

@article{deshpande2017safe2,
author = {Deshpande, Sameer and Wyner, Abraham},
year = {2017},
month = {04},
pages = {},
title = {SAFE2: A Hierarchical Model of Pitch Framing}
}

@article{shang2014survey,
  title={A survey of functional principal component analysis},
  author={Shang, Han Lin},
  journal={AStA Advances in Statistical Analysis},
  volume={98},
  number={2},
  pages={121--142},
  year={2014},
  publisher={Springer}
}


@Misc{ump-audit,
  title        = {Umpire Auditor - 2018 Umpire Ranking},
  howpublished = {\url{https://www.bloomberg.com/businessweek/graphics/baseballs-worst-call-of-the-day/\#/umpires/ranking/2018}},
  year         = {2018},
  url          = {\url{https://www.bloomberg.com/businessweek/graphics/baseballs-worst-call-of-the-day/\#/umpires/ranking/2018}},
}

@Misc{bu-umps,
  title        = {MLB Umpires Missed 34,294 Ball-Strike Calls in 2018. Bring on Robo-umps?},
  author       = {Williams, Mark T.},
  howpublished = {\url{https://www.bu.edu/articles/2019/mlb-umpires-strike-zone-accuracy/}},
  year         = {2019},
  url          = {https://www.bu.edu/articles/2019/mlb-umpires-strike-zone-accuracy/},
}

https://www.beyondtheboxscore.com/2013/6/7/4391656/investigating-the-lefty-strike-pitchfx-sabermetrics

@Misc{lefty-zone,
  title        = {Investigating the ``Lefty Strike''},
  author       = {Roegele, Jon},
  howpublished = {\url{https://www.beyondtheboxscore.com/2013/6/7/4391656/investigating-the-lefty-strike-pitchfx-sabermetrics}},
  year         = {2013},
  url          = {https://www.beyondtheboxscore.com/2013/6/7/4391656/investigating-the-lefty-strike-pitchfx-sabermetrics},
}

@article { Newmetricsforevaluatinghomeplateumpireconsistencyandaccuracy,
      author = "David J. Hunter",
      title = "New metrics for evaluating home plate umpire consistency and accuracy",
      journal = "Journal of Quantitative Analysis in Sports",
      year = "01 Dec. 2018",
      publisher = "De Gruyter",
      address = "Berlin, Boston",
      volume = "14",
      number = "4",
      doi = "https://doi.org/10.1515/jqas-2018-0061",
      pages=      "159 - 172",
      url = "https://www.degruyter.com/view/journals/jqas/14/4/article-p159.xml"
}

@article { EstimatingtheeffectofplatedisciplineusingacausalinferenceframeworkanapplicationoftheGcomputationalgorithm,
      author = "David Michael Vock and Laura Frances Boehm Vock",
      title = "Estimating the effect of plate discipline using a causal inference framework: an application of the G-computation algorithm",
      journal = "Journal of Quantitative Analysis in Sports",
      year = "01 Jun. 2018",
      publisher = "De Gruyter",
      address = "Berlin, Boston",
      volume = "14",
      number = "2",
      doi = "https://doi.org/10.1515/jqas-2016-0029",
      pages=      "37 - 56",
      url = "https://www.degruyter.com/view/journals/jqas/14/2/article-p37.xml"
}

@article { AhierarchicalBayesianmodelofpitchframing,
      author = "Sameer K. Deshpande and Abraham Wyner",
      title = "A hierarchical Bayesian model of pitch framing",
      journal = "Journal of Quantitative Analysis in Sports",
      year = "01 Sep. 2017",
      publisher = "De Gruyter",
      address = "Berlin, Boston",
      volume = "13",
      number = "3",
      doi = "https://doi.org/10.1515/jqas-2017-0027",
      pages=      "95 - 112",
      url = "https://www.degruyter.com/view/journals/jqas/13/3/article-p95.xml"
}
